<record xmlns="http://www.loc.gov/MARC21/slim" xmlns:xsi="http://www.w3.org/2001/XMLSchema-instance" xsi:schemaLocation="http://www.loc.gov/MARC21/slim http://www.loc.gov/standards/marcxml/schema/MARC21slim.xsd"><leader>02078nam a2200325   4500</leader><controlfield tag="001">001281240</controlfield><controlfield tag="003">NNU</controlfield><controlfield tag="006">m        d        </controlfield><controlfield tag="007">cr cn |||m|||a</controlfield><controlfield tag="008">150110s1973    ir      o     000 0 arard</controlfield><datafield ind1=" " ind2=" " tag="040"><subfield code="a">NNU</subfield><subfield code="b">eng</subfield><subfield code="c">NNU</subfield></datafield><datafield ind1=" " ind2=" " tag="066"><subfield code="c">(3</subfield></datafield><datafield ind1=" " ind2=" " tag="090"><subfield code="a">PJ6161</subfield><subfield code="b">.S57 1973</subfield></datafield><datafield ind1="1" ind2=" " tag="100"><subfield code="6">880-01</subfield><subfield code="a">Sh&#299;r&#225;z&#299;, Mu&#7717;ammad Mu&#700;min ibn Mu&#7717;ammad Q&#257;sim,</subfield><subfield code="d">d. 1717?</subfield></datafield><datafield ind1="1" ind2="0" tag="245"><subfield code="6">880-02</subfield><subfield code="a">Khaz&#257;nat al-khay&#257;l f&#299; al-ad&#257;b wa-al-&#7717;ikam wa-al-maw&#257;&#699;i&#7827; wa-al-mun&#257;&#7827;ar&#257;t wa-al-tar&#257;jum wa-al-amth&#257;l</subfield><subfield code="h">[electronic resource] /</subfield><subfield code="c">ta&#700;l&#299;f Mu&#7717;ammad Mu&#700;min ibn Mu&#7717;ammad Q&#257;sim al-Jaz&#257;&#700;ir&#299; al-Sh&#299;r&#257;z&#299; ; qaddama lahu Shih&#257;b al-D&#299;n al-Mar&#699;ash&#299;.</subfield></datafield><datafield ind1=" " ind2=" " tag="260"><subfield code="6">880-03</subfield><subfield code="a">Qum :</subfield><subfield code="b">Maktabat Ba&#7779;&#299;rat&#299;,</subfield><subfield code="c">1352 [1973]</subfield></datafield><datafield ind1=" " ind2=" " tag="300"><subfield code="a">online resource (22, 4, 635, 7 p.)</subfield></datafield><datafield ind1=" " ind2=" " tag="500"><subfield code="a">"F&#299; &#7779;adr al-kit&#257;b : K&#257;shifat al-&#7717;&#257;ll f&#299; tarjamat mu&#700;allif Khiz&#257;nat al-khay&#257;l, li-Shih&#257;b al-D&#299;n al-&#7716;usayn&#299; al-Mar&#699;ash&#299; al-Najaf&#299;."</subfield></datafield><datafield ind1=" " ind2=" " tag="500"><subfield code="a">Part of the Arabic Collections Online (ACO) project, contributed by New York Univeristy Libraries.</subfield></datafield><datafield ind1=" " ind2=" " tag="533"><subfield code="a">Electronic reproduction.</subfield><subfield code="b">New York, N.Y. :</subfield><subfield code="c">New York University,</subfield><subfield code="d">2015.</subfield><subfield code="5">NNU</subfield></datafield><datafield ind1=" " ind2="0" tag="650"><subfield code="a">Arabic language</subfield><subfield code="x">Rhetoric.</subfield></datafield><datafield ind1="2" ind2=" " tag="710"><subfield code="a">New York University.</subfield><subfield code="b">Libraries.</subfield></datafield><datafield ind1="0" ind2=" " tag="730"><subfield code="a">Arabic Collections Online.</subfield></datafield><datafield ind1="0" ind2="8" tag="776"><subfield code="i">Print version:</subfield><subfield code="a">Sh&#299;r&#225;z&#299;, Mu&#7717;ammad Mu&#700;min ibn Mu&#7717;ammad Q&#257;sim, d. 1717?</subfield><subfield code="t">Khaz&#257;nat al-khay&#257;l f&#299; al-ad&#257;b wa-al-&#7717;ikam wa-al-maw&#257;&#699;i&#7827; wa-al-mun&#257;&#7827;ar&#257;t wa-al-tar&#257;jum wa-al-amth&#257;l</subfield><subfield code="w">(NNU)001281240</subfield></datafield><datafield ind1="4" ind2="0" tag="856"><subfield code="u">http://hdl.handle.net/2333.1/msbcc4bw</subfield></datafield><datafield ind1="1" ind2=" " tag="880"><subfield code="6">100-01/</subfield><subfield code="a">&#1588;&#1610;&#1585;&#1575;&#1586;&#1609;&#1548; &#1605;&#1581;&#1605;&#1583; &#1605;&#1572;&#1605;&#1606; &#1576;&#1606; &#1605;&#1581;&#1605;&#1583; &#1602;&#1575;&#1587;&#1605;.</subfield></datafield><datafield ind1="1" ind2="0" tag="880"><subfield code="6">245-02/</subfield><subfield code="a">&#1582;&#1586;&#1575;&#1606;&#1577; &#1575;&#1604;&#1582;&#1610;&#1575;&#1604; &#1601;&#1609; &#1575;&#1604;&#1571;&#1583;&#1575;&#1576; &#1608;&#1575;&#1604;&#1581;&#1603;&#1605; &#1608;&#1575;&#1604;&#1605;&#1608;&#1575;&#1593;&#1592; &#1608;&#1575;&#1604;&#1605;&#1606;&#1575;&#1592;&#1585;&#1575;&#1578; &#1608;&#1575;&#1604;&#1578;&#1585;&#1575;&#1580;&#1605; &#1608;&#1575;&#1604;&#1571;&#1605;&#1579;&#1575;&#1604; /</subfield><subfield code="c">&#1578;&#1571;&#1604;&#1610;&#1601; &#1605;&#1581;&#1605;&#1583; &#1605;&#1572;&#1605;&#1606; &#1576;&#1606; &#1605;&#1581;&#1605;&#1583; &#1602;&#1575;&#1587;&#1605; &#1575;&#1604;&#1580;&#1586;&#1575;&#1574;&#1585;&#1609; &#1575;&#1604;&#1588;&#1610;&#1585;&#1575;&#1586;&#1609; &#1563; &#1602;&#1583;&#1605; &#1604;&#1607; &#1588;&#1607;&#1575;&#1576; &#1575;&#1604;&#1583;&#1610;&#1606; &#1575;&#1604;&#1605;&#1585;&#1593;&#1588;&#1609;.</subfield></datafield><datafield ind1=" " ind2=" " tag="880"><subfield code="6">260-03/</subfield><subfield code="a">&#1602;&#1605; :</subfield><subfield code="b">&#1605;&#1603;&#1578;&#1576;&#1577; &#1576;&#1589;&#1610;&#1585;&#1578;&#1609;&#1548;</subfield><subfield code="c">&#1633;&#1635;&#1637;&#1634;.</subfield></datafield><datafield ind1=" " ind2=" " tag="959"><subfield code="a">NNU</subfield><subfield code="b">WEB</subfield><subfield code="c">GENI</subfield><subfield code="t">0</subfield><subfield code="m">Electronic access</subfield><subfield code="s">01</subfield></datafield><datafield ind1=" " ind2=" " tag="999"><subfield code="i">NNU_001281240</subfield><subfield code="o" /></datafield></record>